<?xml version="1.0" encoding="UTF-8"?><collection xmlns="http://www.loc.gov/MARC21/slim"><record><leader>00491nam--2200169-i-4500</leader><controlfield tag="001">000025753</controlfield><controlfield tag="002">20161230</controlfield><controlfield tag="005">20170119004357</controlfield><controlfield tag="008">060222s1000------------r-----000-0-eng-d</controlfield><datafield ind1=" " ind2=" " tag="080"><subfield code="a">517.986.3</subfield></datafield><datafield ind1=" " ind2=" " tag="245"><subfield code="a">K-theory and operator algebras, Athens, Georgia, 1975</subfield></datafield><datafield ind1=" " ind2=" " tag="260"><subfield code="a">Berlin</subfield><subfield code="b">Springer-Verlag</subfield><subfield code="c">1977</subfield></datafield><datafield ind1=" " ind2=" " tag="300"><subfield code="a">VI + 191 p</subfield></datafield><datafield ind1=" " ind2=" " tag="490"><subfield code="a">Lecture Notes In Mathematics. Edited By Dold, A.And Eckmann, B</subfield></datafield><datafield ind1=" " ind2=" " tag="700"><subfield code="a">Singer, I. M</subfield></datafield><datafield ind1=" " ind2=" " tag="852"><subfield code="a">46518</subfield><subfield code="c">517</subfield></datafield><datafield ind1=" " ind2=" " tag="CAT"><subfield code="a">SYS</subfield><subfield code="c">20170119</subfield><subfield code="h">004357</subfield></datafield></record></collection>